<?xml version="1.0" encoding="UTF-8"?><record xmlns="http://www.loc.gov/MARC21/slim" xmlns:cinclude="http://apache.org/cocoon/include/1.0" xmlns:zs="http://www.loc.gov/zing/srw/">
  <leader>00684cz  a2200181n  4500</leader>
  <controlfield tag="001">n  81132439 </controlfield>
  <controlfield tag="003">DLC</controlfield>
  <controlfield tag="005">20090114075010.0</controlfield>
  <controlfield tag="008">820126n| acannaabn          |a ana      </controlfield>
  <datafield tag="010" ind1=" " ind2=" ">
    <subfield code="a">n  81132439 </subfield>
  </datafield>
  <datafield tag="035" ind1=" " ind2=" ">
    <subfield code="a">(OCoLC)oca00677312</subfield>
  </datafield>
  <datafield tag="040" ind1=" " ind2=" ">
    <subfield code="a">DLC</subfield>
    <subfield code="b">eng</subfield>
    <subfield code="c">DLC</subfield>
    <subfield code="d">OCoLC</subfield>
  </datafield>
  <datafield tag="110" ind1="2" ind2=" ">
    <subfield code="a">Instituto Diego Velázquez</subfield>
  </datafield>
  <datafield tag="410" ind1="1" ind2=" ">
    <subfield code="w">nnaa</subfield>
    <subfield code="a">Spain.</subfield>
    <subfield code="b">Consejo Superior de Investigaciones Científicas.</subfield>
    <subfield code="b">Instituto Diego Velázquez</subfield>
  </datafield>
  <datafield tag="410" ind1="2" ind2=" ">
    <subfield code="a">Patronato Marcelino Menéndez y Pelayo.</subfield>
    <subfield code="b">Instituto Diego Velázquez</subfield>
  </datafield>
  <datafield tag="410" ind1="1" ind2=" ">
    <subfield code="a">Spain.</subfield>
    <subfield code="b">Instituto Diego Velázquez</subfield>
  </datafield>
  <datafield tag="410" ind1="2" ind2=" ">
    <subfield code="a">Consejo Superior de Investigaciones Científicas (Spain).</subfield>
    <subfield code="b">Instituto Diego Velázquez</subfield>
  </datafield>
  <datafield tag="410" ind1="2" ind2=" ">
    <subfield code="a">Instituto Velázquez</subfield>
  </datafield>
</record>